@article{abeys2011extreme,
   author = {Abeysirigunawardena, D. S. and Smith, D. J. and Taylor, B.},
   title = {Extreme Sea Surge Responses to Climate Variability in Coastal {British Columbia, Canada}},
   journal = {Annals of the Association of American Geographers},
   volume = {101},
   number = {5},
   pages = {992-1010},
   DOI = {10.1080/00045608.2011.585929},
   year = {2011},
   type = {Journal Article}
}

@article{CrawfordDewey1989,
        Author = {Crawford, W. R. and Dewey, R. K.},
        Title = {Turbulence and mixing -- sources of nutrients on the {Vancouver Island} continental-shelf},
        Journal = {Atmos.-Ocean},
        Volume = {27},
        Pages = {428-442},
        Year = {1989}}

@article{crean1988numerical,
   author = {Crean, P. B. and Murty, T. S. and Stronach, J. A.},
   title = {NUMERICAL-SIMULATION OF OCEANOGRAPHIC PROCESSES IN THE WATERS BETWEEN {Vancouver Island} AND THE MAINLAND},
   journal = {Oceanography and Marine Biology},
   volume = {26},
   pages = {11-142},
   url = {<Go to ISI>://WOS:A1988Q990100001},
   year = {1988},
   type = {Journal Article}
}

@article{eby1994sensitivity,
   author = {Eby, M. and Holloway, G.},
   title = {SENSITIVITY OF A LARGE-SCALE OCEAN MODEL TO A PARAMETERIZATION OF TOPOGRAPHIC STRESS},
   journal = {Journal of Physical Oceanography},
   volume = {24},
   number = {12},
   pages = {2577-2588},
   DOI = {10.1175/1520-0485(1994)024<2577:soalso>2.0.co;2},
   year = {1994},
   type = {Journal Article}
}

@article{farmer2002tilting,
   author = {Farmer, D. and Pawlowicz, R. and Jiang, R.},
   title = {Tilting separation flows: a mechanism for intense vertical mixing in the coastal ocean},
   journal = {Dynamics of Atmospheres and Oceans},
   volume = {36},
   number = {1-3},
   pages = {43-58},
   DOI = {10.1016/s0377-0265(02)00024-6},
   year = {2002},
   type = {Journal Article}
}

@article{ForemanWalters90,
	Author = {Foreman, M. G. G. and Walters, R. A.},
	Title = {A finite-element tidal model for the southwest coast of {Vancouver Island}},
	Journal = {Atmos.-Ocean}, 
	Volume = {28},
	Pages = {261-287},
	Year ={1990}}

@article{foreman1995tidal,
   author = {Foreman, M. G. G. and Walters, R. A. and Henry, R. F. and Keller, C. P. and Dolling, A. G.},
   title = {A TIDAL MODEL FOR EASTERN {Juan de Fuca Strait} AND THE SOUTHERN {Strait OF Georgia}},
   journal = {Journal of Geophysical Research-Oceans},
   volume = {100},
   number = {C1},
   pages = {721-740},
   DOI = {10.1029/94jc02721},
   year = {1995},
   type = {Journal Article}
}

@article{foreman2000webtide,
   author = {Foreman, M.G.G. and Crawford, W.R. and Cherniawsky, J.Y. and Henry, R.F. and Tarbotto, M.R.},
   title = {A high-resolution assimilating tidal model for the northeast {Pacific Ocean}},
   journal = {Journal of Geophysical Research},
   volume = {105},
   number = {C1},
   pages = {28,629-28,652},
   DOI = {10.1029/94jc02721},
   year = {2000},
   type = {Journal Article}
} 


@article{ForemanThomson97,
        Author = {Foreman, M. G. G.
                and
                  Thomson, R. E.},
        Title = {Three-dimensional model simulations of tides and buoyancy currents along the {West Coast} of {Vancouver Island}},
        Journal = {J. Phys. Oceanogr.},
        Volume = {27},
        Pages = {1300-1325},
        Year = {1997}}

@article{foreman2004m,
  title={M< sub> 2</sub> tidal dissipation around Vancouver Island: an inverse approach},
  author={Foreman, MGG and Sutherland, G and Cummins, PF},
  journal={Continental shelf research},
  volume={24},
  number={18},
  pages={2167--2185},
  year={2004},
  publisher={Elsevier}
}


@article{gent1990isopycnal,
   author = {Gent, P. R. and McWilliams, J. C.},
   title = {ISOPYCNAL MIXING IN OCEAN CIRCULATION MODELS},
   journal = {Journal of Physical Oceanography},
   volume = {20},
   number = {1},
   pages = {150-155},
   DOI = {10.1175/1520-0485(1990)020<0150:imiocm>2.0.co;2},
   year = {1990},
   type = {Journal Article}
}

@article{marinone1996model,
   author = {Marinone, S. G. and Pond, S. and Fyfe, J.},
   title = {A three-dimensional model of tide and wind-induced residual currents in the central {Strait of Georgia, Canada}},
   journal = {Estuarine Coastal and Shelf Science},
   volume = {43},
   number = {2},
   pages = {157-182},
   DOI = {10.1006/ecss.1996.0063},
   year = {1996},
   type = {Journal Article}
}

@article{masson2000fortnightly,
   author = {Masson, D. and Cummins, P. F.},
   title = {Fortnightly modulation of the estuarine circulation in {Juan de Fuca Strait}},
   journal = {Journal of Marine Research},
   volume = {58},
   number = {3},
   pages = {439-463},
   DOI = {10.1357/002224000321511106},
   year = {2000},
   type = {Journal Article}
}

@article{masson2004modelling,
   author = {Masson, D. and Cummins, P. F.},
   title = {Observations and modeling of seasonal variability in the {Straits of Georgia and Juan de Fuca}},
   journal = {Journal of Marine Research},
   volume = {62},
   number = {4},
   pages = {491-516},
   DOI = {10.1357/0022240041850075},
   year = {2004},
   type = {Journal Article}
}

@article{morrison2011rivers,
   author = {Morrison, J. and Foreman, M.G.G. and Masson, D.},
   title = {A method for estimating monthly freshwater discharge affecting {British Columbia} coastal waters},
   journal = {Atmosphere-Ocean},
   volume = {50},
   number = {1},
   pages = {1-8},
   DOI = {10.1080/07055900.2011.637667},
   year = {2011},
   type = {Journal Article}
}

@article{pawlowicz1998mixing,
   author = {Pawlowicz, R. and Farmer, D. M.},
   title = {Diagnosing vertical mixing in a two-layer exchange flow},
   journal = {Journal of Geophysical Research-Oceans},
   volume = {103},
   number = {C13},
   pages = {30695-30711},
   DOI = {10.1029/1998jc900024},
   year = {1998},
   type = {Journal Article}
}

@article{Pawlowicz01,
         Author = {Pawlowicz, R.},
         title = {A tracer method for determining transport in two-layer systems, applied to the {Strait of Georgia/Haro Strait/Juan de Fuca Strait} estuarine system},
         journal = {Estuar. Coast. Shelf Sci.},
         volume = {54},
         pages = {491-503},
         year = {2001}
}

@article{Pawlowiczetal2007,
        Author = {Pawlowicz, R.
                and
                  Riche, O.
                and
                  Halverson, M.},
        title = {The circulation and residence time of the {Strait of Georgia} using a simple mixing-box approach},
        journal = {Atmos. Ocean},
        volume = {45},
        pages = {173-193},
        year = {2007}
}

@article{penduff2007influence,
   author = {Penduff, T. and Le Sommer, J. and Barnier, B. and Treguier, A. M. and Molines, J. M. and Madec, G.},
   title = {Influence of numerical schemes on current-topography interactions in 1/4 degrees global ocean simulations},
   journal = {Ocean Science},
   volume = {3},
   number = {4},
   pages = {509-524},
   year = {2007},
   type = {Journal Article}
}

@article{shchepetkin2005ROMS,
   author = {Shchepetkin, A. F. and McWilliams, J. C.},
   title = {{The regional oceanic modeling system (ROMS): a split-explicit, free-surface, topography-following-coordinate oceanic model}},
   journal = {Ocean Modelling},
   volume = {9},
   number = {4},
   pages = {347-404},
   DOI = {10.1016/j.ocemod.2004.08.002},
   year = {2005}
}



@article{sutherland2011model,
   author = {Sutherland, David A. and MacCready, Parker and Banas, Neil S. and Smedstad, Lucy F.},
   title = {A Model Study of the {Salish Sea} Estuarine Circulation},
   journal = {Journal of Physical Oceanography},
   volume = {41},
   number = {6},
   pages = {1125-1143},
   DOI = {10.1175/2010jpo4540.1},
   year = {2011},
   type = {Journal Article}
}

@article{thomson1994physical,
   author = {Thomson, Richard E.},
   title = {Physical oceanography of the {Strait of Georgia-Puget Sound-Juan de Fuca Strait} system},
   journal = {Canadian Technical Report of Fisheries and Aquatic Sciences},
   volume = {0},
   number = {1948},
   pages = {36-98},
   year = {1994},
}

@article{thomson1980johnstone,
   author = {Thomson, Richard E. and Huggett, W. Stanford},
   title = {M2 baroclinic tides in {Johnstone Strait, British Columbia}},
   journal = {Journal of Physical Oceanography},
   volume = {10},
   pages = {1509-1539},
   year = {1980},
}

@book{thomson2008examination,
  title={An examination of the factors affecting relative and absolute sea level in coastal British Columbia},
  author={Thomson, Richard E and Bornhold, Brian D and Mazzotti, St{\'e}phane},
  year={2008},
  publisher={Fisheries and Oceans Canada, Institute of Ocean Sciences}
}


@article{warner2005performance,
   author = {Warner, J. C. and Sherwood, C. R. and Arango, H. G. and Signell, R. P.},
   title = {Performance of four turbulence closure models implemented using a generic length scale method},
   journal = {Ocean Modelling},
   volume = {8},
   number = {1-2},
   pages = {81-113},
   DOI = {10.1016/j.ocemod.2003.12.003},
   year = {2005},
   type = {Journal Article}
}

@article{weisberg2008hurricane,
   author = {Weisberg, Robert H. and Zheng, Lianyuan},
   title = {Hurricane storm surge simulations comparing three-dimensional with two-dimensional formulations based on an {Ivan-like} storm over the {Tampa Bay, Florida} region},
   journal = {Journal of Geophysical Research-Oceans},
   volume = {113},
   number = {C12},
   DOI = {10.1029/2008jc005115},
   year = {2008},
}

@article{yang2010multi,
   author = {Yang, Zhaoqing and Khangaonkar, Tarang},
   title = {Multi-scale modeling of {Puget Sound} using an unstructured-grid coastal ocean model: from tide flats to estuaries and coastal waters},
   journal = {Ocean Dynamics},
   volume = {60},
   number = {6},
   pages = {1621-1637},
   DOI = {10.1007/s10236-010-0348-5},
   year = {2010},
   type = {Journal Article}
}
